@article{hidaka2011packing,
  title={Packing: a geometric analysis of feature selection and category formation},
  author={Hidaka, Shohei and Smith, Linda B},
  journal={Cognitive systems research},
  volume={12},
  number={1},
  pages={1--18},
  year={2011},
  publisher={Elsevier}
}

@article{jern2013probabilistic,
  title={A probabilistic account of exemplar and category generation},
  author={Jern, Alan and Kemp, Charles},
  journal={Cognitive Psychology},
  volume={66},
  number={1},
  pages={85--125},
  year={2013},
  publisher={Elsevier}
}

@article{marsh1999inadvertent,
  title={The inadvertent use of prior knowledge in a generative cognitive task},
  author={Marsh, Richard L and Ward, Thomas B and Landau, Joshua D},
  journal={Memory \& Cognition},
  volume={27},
  number={1},
  pages={94--105},
  year={1999},
  publisher={Springer}
}

@article{nosofsky1984choice,
  title={Choice, similarity, and the context theory of classification.},
  author={Nosofsky, Robert M},
  journal={Journal of Experimental Psychology: Learning, Memory, \& Cognition},
  volume={10},
  number={1},
  pages={104},
  year={1984},
  publisher={American Psychological Association}
}

@article{smith1993constraining,
  title={Constraining effects of examples in a creative generation task},
  author={Smith, Steven M and Ward, Thomas B and Schumacher, Jay S},
  journal={Memory \& Cognition},
  volume={21},
  number={6},
  pages={837--845},
  year={1993},
  publisher={Springer}
}

@article{ward1994structured,
  title={Structured imagination: The role of category structure in exemplar generation},
  author={Ward, Thomas B},
  journal={Cognitive Psychology},
  volume={27},
  number={1},
  pages={1--40},
  year={1994},
  publisher={Elsevier}
}

@article{ward1995s,
  title={Whatâ€™s old about new ideas},
  author={Ward, Thomas B},
  journal={The creative cognition approach},
  pages={157--178},
  year={1995}
}

@article{ward2002role,
  title={The role of graded category structure in imaginative thought},
  author={Ward, Thomas B and Patterson, Merryl J and Sifonis, Cynthia M and Dodds, Rebecca A and Saunders, Katherine N},
  journal={Memory \& Cognition},
  volume={30},
  number={2},
  pages={199--216},
  year={2002},
  publisher={Springer}
}