

@article{jern2013probabilistic,
  title={A probabilistic account of exemplar and category generation},
  author={Jern, Alan and Kemp, Charles},
  journal={Cognitive Psychology},
  volume={66},
  number={1},
  pages={85--125},
  year={2013},
  publisher={Elsevier}
}

@article{nosofsky1984choice,
  title={Choice, similarity, and the context theory of classification.},
  author={Nosofsky, Robert M},
  journal={Journal of Experimental Psychology: Learning, memory, and cognition},
  volume={10},
  number={1},
  pages={104},
  year={1984},
  publisher={American Psychological Association}
}

@article{nosofsky1988exemplar,
  title={Exemplar-based accounts of relations between classification, recognition, and typicality.},
  author={Nosofsky, Robert M},
  journal={Journal of Experimental Psychology: learning, memory, and cognition},
  volume={14},
  number={4},
  pages={700},
  year={1988},
  publisher={American Psychological Association}
}

@article{ward1994structured,
  title={Structured imagination: The role of category structure in exemplar generation},
  author={Ward, Thomas B},
  journal={Cognitive Psychology},
  volume={27},
  number={1},
  pages={1--40},
  year={1994},
  publisher={Elsevier}
}

@incollection{ward1995s,
  author      = {Ward, Thomas B},
  title       = {What's old about new ideas},
  editor      = {Smith, Steven M and Ward, Thomas B and Finke, Ronald A},
  booktitle   = "The creative cognition approach",
  publisher   = "MIT Press",
  address     = "Cambridge, MA",
  year        = 1995,
  pages       = {157--178},
  chapter     = 10,
}

@article{ward2002role,
  title={The role of graded category structure in imaginative thought},
  author={Ward, Thomas B and Patterson, Merryl J and Sifonis, Cynthia M and Dodds, Rebecca A and Saunders, Katherine N},
  journal={Memory \& Cognition},
  volume={30},
  number={2},
  pages={199--216},
  year={2002},
  publisher={Springer}
}